@misc{王珊2014数据库系统概论,
  title={数据库系统概论(第6版)},
  author={王珊、杜小勇、陈红},
  year={2023},
  publisher={高等教育出版社}
}

